@misc{asap,
  Howpublished = {\url{http://www.asap-fp7.eu/}},
  Key = {ASAP},
  title = {Adaptable Scalable Analytics Platform}}

@misc{ibm-warehouse,
  Howpublished = {\url{http://www-01.ibm.com/software/data/integration/}},
  Key = {IBM Warehouse},
  title = {IBM Data Warehouse Manager}}

@misc{informatica,
  Howpublished = {\url{http://www.informatica.com/products/powercenter/}},
  Key = {Informatica},
  title = {Informatica "PowerCenter"}}

@misc{oracle-warehouse,
  Howpublished = {\url{http://www.oracle.com/technology/products/warehouse/}},
  Key = {Oracle Warehouse},
  title = {Oracle Warehouse Builder 10g}}

@misc{javascript,
  Howpublished = {\url{https://www.javascript.com/}},
  Key = {JavaScript},
  title = {JavaScript}}

@misc{grunt,
  Howpublished = {\url{http://gruntjs.com/}},
  Key = {Grunt},
  title = {Grunt - The JavaScript Task Runner}}

@misc{coffescript,
  Howpublished = {\url{http://coffeescript.org/}},
  Key = {CoffeScript},
  title = {CoffeeScript}}

@misc{jade,
  Howpublished = {\url{http://jade-lang.com/}},
  Key = {Jade},
  title = {Jade - Template Engine}}

@misc{css,
  Howpublished = {\url{http://www.w3.org/Style/CSS/}},
  Key = {CSS},
  title = {Cascading Style Sheets}}

@misc{html,
  Howpublished = {\url{http://www.w3.org/TR/html/}},
  Key = {HTML},
  title = {Hypertext Markup Language}}

@misc{nginx,
  Howpublished = {\url{http://nginx.org/}},
  Key = {Nginx},
  title = {Nginx}}

@misc{php-fpm,
  Howpublished = {\url{http://php-fpm.org/}},
  Key = {PHP-FPM},
  title = {PHP-FPM (FastCGI Process Manager)}}

@misc{python,
  Howpublished = {\url{https://www.python.org/}},
  Key = {Python},
  title = {Python}}
  
@misc{flink,
  Howpublished = {\url{http://flink.apache.org/}},
  Key = {Flink},
  title = {Apache Flink}}

@misc{graphx,
  Howpublished = {\url{https://spark.apache.org/graphx/}},
  Key = {GraphX},
  title = {Apache GraphX}}

@misc{lucene,
  Howpublished = {\url{http://lucene.apache.org/}},
  Key = {Lucene},
  title = {Apache Lucene}}

@misc{mahout,
  Howpublished = {\url{http://mahout.apache.org/}},
  Key = {Mahout},
  title = {Apache Mahout}}

@misc{spark,
  Howpublished = {\url{https://spark.apache.org/}},
  Key = {Spark},
  title = {Apache Spark}}

@misc{hadoop,
  Howpublished = {\url{https://hadoop.apache.org/}},
  Key = {Hadoop},
  title = {Apache Hadoop}}

@misc{weka,
  Howpublished = {\url{http://www.cs.waikato.ac.nz/~ml/weka/}},
  Key = {Weka},
  title = {Weka: Data Mining Software in Java}}  
  
@misc{spark_mllib,
  Howpublished = {\url{https://spark.apache.org/mllib/}},
  Key = {Spark MLlib},
  title = {Apache Spark MLlib}}

@misc{tez,
  Howpublished = {\url{http://tez.apache.org/}},
  Key = {Tez},
  title = {Apache Tez}}

@misc{elasticsearch,
  Howpublished = {\url{http://www.elasticsearch.org/overview/elasticsearch/}},
  Key = {Elasticsearch},
  title = {Elasticsearch}}

@misc{yarn,
  Howpublished = {\url{http://hadoop.apache.org/docs/current/hadoop-yarn/hadoop-yarn-site/YARN.html}},
  Key = {YARN},
  title = {Hadoop YARN}}

@misc{mysql,
  Howpublished = {\url{www.mysql.com}},
  Key = {MySQL},
  title = {MySQL}}

@misc{postgresql,
  Howpublished = {\url{http://www.postgresql.org/}},
  Key = {PostgreSQL},
  title = {PostgreSQL}}

@misc{pegasus,
  Howpublished = {\url{http://pegasus.isi.edu/}},
  Key = {Pegasus},
  title = {Pegasus}}

@misc{taverna,
  Howpublished = {\url{http://www.taverna.org.uk/}},
  Key = {Taverna},
  title = {Taverna}}

%Deliverables
@article{d1.2,
  author = {P. Pratikakis},
  Month = {February},
  title = {WP1 - Architecture and Requirements Analysis},
  volume = {D1.2 User Requirements},
  type = {Report},
  year = {2015}}

@article{d3.1,
  author = {K. Doka, N. Papailiou, C. Mantas},
  Month = {February},
  title = {WP 3 - Intelligent, Multi-engine Resource Scheduling Platform},
  volume = {D3.1 Compute and Data Engine Modeling},
  type = {Report},
  year = {2015}}

@article{d8.2,
  author = {Philippe Rigaux},
  Month = {February},
  title = {WP 8 - Applications: Web Content Analytics},
  volume = {D8.2 Use Case Requirements},
  institution = {IMR},
  type = {Report},
  year = {2015}}

@inproceedings{Simitsis:2013:XPA:2463676.2465247,
  author = {Simitsis, Alkis and Wilkinson, Kevin and Jovanovic, Petar},
  title = {xPAD: A Platform for Analytic Data Flows},
  booktitle = {Proceedings of the 2013 ACM SIGMOD International Conference on Management of Data},
  series = {SIGMOD '13},
  year = {2013},
  isbn = {978-1-4503-2037-5},
  location = {New York, New York, USA},
  pages = {1109--1112},
  numpages = {4},
  url = {http://doi.acm.org/10.1145/2463676.2465247},
  doi = {10.1145/2463676.2465247},
  acmid = {2465247},
  publisher = {ACM},
  address = {New York, NY, USA},
  keywords = {analytics, code generation, data flows, optimization},
}

@article{Simitsis:2013:HAF:2595009.2595013,
  author = {Simitsis, Alkis and Wilkinson, Kevin and Dayal, Umeshwar},
  title = {Hybrid Analytic Flows-the Case for Optimization},
  journal = {Fundam. Inf.},
  issue_date = {July 2013},
  volume = {128},
  number = {3},
  month = jul,
  year = {2013},
  issn = {0169-2968},
  pages = {303--335},
  numpages = {33},
  url = {http://dx.doi.org/10.3233/FI-2013-948},
  doi = {10.3233/FI-2013-948},
  acmid = {2595013},
  publisher = {IOS Press},
  address = {Amsterdam, The Netherlands, The Netherlands},
  keywords = {Data Flows, Databases, Map-Reduce, Optimization},
}

@inproceedings{Simitsis:2012:OAD:2213836.2213963,
  author = {Simitsis, Alkis and Wilkinson, Kevin and Castellanos, Malu and Dayal, Umeshwar},
  title = {Optimizing Analytic Data Flows for Multiple Execution Engines},
  booktitle = {Proceedings of the 2012 ACM SIGMOD International Conference on Management of Data},
  series = {SIGMOD '12},
  year = {2012},
  isbn = {978-1-4503-1247-9},
  location = {Scottsdale, Arizona, USA},
  pages = {829--840},
  numpages = {12},
  url = {http://doi.acm.org/10.1145/2213836.2213963},
  doi = {10.1145/2213836.2213963},
  acmid = {2213963},
  publisher = {ACM},
  address = {New York, NY, USA},
  keywords = {bi, data flows, databases, map-reduce, optimization},
}

@inproceedings{6544907, 
  author={Simitsis, A. and Wilkinson, K. and Dayal, U. and Meichun Hsu}, 
  booktitle={Data Engineering (ICDE), 2013 IEEE 29th International Conference on}, 
  title={HFMS: Managing the lifecycle and complexity of hybrid analytic data flows}, 
  year={2013}, 
  month={April}, 
  pages={1174-1185}, 
  keywords={competitive intelligence;data analysis;storage management;HFMS;business intelligence system;complexity management;executor module;hybrid analytic data flow;hybrid flow management system;independent execution engine;independent software layer;lifecycle management;multiengine flows hybrid flow;optimization module;storage repository;system utilization;workload management;Business;Connectors;Databases;Engines;Fault tolerance;Monitoring;Optimization}, 
  doi={10.1109/ICDE.2013.6544907}, 
  ISSN={1063-6382},
}

@inproceedings{5447816, 
  author={Simitsis, A. and Wilkinson, K. and Dayal, U. and Castellanos, M.}, 
  booktitle={Data Engineering (ICDE), 2010 IEEE 26th International Conference on}, 
  title={Optimizing ETL workflows for fault-tolerance}, 
  year={2010}, 
  month={March}, 
  pages={385-396}, 
  keywords={data warehouses;fault tolerant computing;matrix algebra;optimisation;ETL design;ETL workflows optimization;QoX optimizer;cost functions;data warehousing;extract-transform-load processes;fault tolerance;optimizer search space;quality metrics;search algorithms;sole metric;Availability;Cost function;Data mining;Data warehouses;Design optimization;Fault tolerance;Maintenance;Robustness;Scalability;Warehousing}, 
  doi={10.1109/ICDE.2010.5447816},
}

@article {deelman2014pegasus,
  title = {Pegasus: a Workflow Management System for Science Automation},
  journal = {Future Generation Computer Systems},
  year = {2014},
  note = {Funding Acknowledgements: NSF ACI SDCI 0722019, NSF ACI SI2-SSI 1148515 and NSF OCI-1053575},
  author = {Ewa Deelman and Karan Vahi and Gideon Juve and Mats Rynge and Scott Callaghan and Philip J. Maechling and Rajiv Mayani and Weiwei Chen and Rafael Ferreira da Silva and Miron Livny and Kent Wenger}
}

@inproceedings{Malawski:2012:CDP:2388996.2389026,
  author = {Malawski, Maciej and Juve, Gideon and Deelman, Ewa and Nabrzyski, Jarek},
  title = {Cost- and Deadline-constrained Provisioning for Scientific Workflow Ensembles in IaaS Clouds},
  booktitle = {Proceedings of the International Conference on High Performance Computing, Networking, Storage and Analysis},
  series = {SC '12},
  year = {2012},
  isbn = {978-1-4673-0804-5},
  location = {Salt Lake City, Utah},
  pages = {22:1--22:11},
  articleno = {22},
  numpages = {11},
  url = {http://dl.acm.org/citation.cfm?id=2388996.2389026},
  acmid = {2389026},
  publisher = {IEEE Computer Society Press},
  address = {Los Alamitos, CA, USA},
} 

@article{DBLP:journals/nar/WolstencroftHFWWOSDNFBBBHHVSG13,
  author    = {Katherine Wolstencroft and
               Robert Haines and
               Donal Fellows and
               Alan R. Williams and
               David Withers and
               Stuart Owen and
               Stian Soiland{-}Reyes and
               Ian Dunlop and
               Aleksandra Nenadic and
               Paul Fisher and
               Jiten Bhagat and
               Khalid Belhajjame and
               Finn Bacall and
               Alex Hardisty and
               Abraham Nieva de la Hidalga and
               Maria P. Balcazar Vargas and
               Shoaib Sufi and
               Carole A. Goble},
  title     = {The Taverna workflow suite: designing and executing workflows of Web
               Services on the desktop, web or in the cloud},
  journal   = {Nucleic Acids Research},
  volume    = {41},
  number    = {Webserver-Issue},
  pages     = {557--561},
  year      = {2013},
  url       = {http://dx.doi.org/10.1093/nar/gkt328},
  doi       = {10.1093/nar/gkt328},
  timestamp = {Thu, 22 Mar 4438170 15:28:16 +},
  biburl    = {http://dblp.uni-trier.de/rec/bib/journals/nar/WolstencroftHFWWOSDNFBBBHHVSG13},
  bibsource = {dblp computer science bibliography, http://dblp.org}
}

@incollection{Tsoumakos:2014:TCMEDA,
  year={2014},
  isbn={978-3-642-54419-4},
  booktitle={Euro-Par 2013: Parallel Processing Workshops},
  volume={8374},
  series={Lecture Notes in Computer Science},
  editor={an Mey, Dieter and Alexander, Michael and Bientinesi, Paolo and Cannataro, Mario and Clauss, Carsten and Costan, Alexandru and Kecskemeti, Gabor and Morin, Christine and Ricci, Laura and Sahuquillo, Julio and Schulz, Martin and Scarano, Vittorio and Scott, StephenL. and Weidendorfer, Josef},
  doi={10.1007/978-3-642-54420-0_40},
  title={The Case for Multi-Engine Data Analytics},
  url={http://dx.doi.org/10.1007/978-3-642-54420-0_40},
  publisher={Springer Berlin Heidelberg},
  keywords={Big Data Analytics; Execution Engines; Datastores; Virtualization; Modeling; Architecture; Resource Scheduling},
  author={Tsoumakos, Dimitrios and Mantas, Christos},
  pages={406-415},
  language={English}
}

@article{Alexandrov:2014:SPB:2691523.2691544,
  author = {Alexandrov, Alexander and Bergmann, Rico and Ewen, Stephan and Freytag, Johann-Christoph and Hueske, Fabian and Heise, Arvid and Kao, Odej and Leich, Marcus and Leser, Ulf and Markl, Volker and Naumann, Felix and Peters, Mathias and Rheinl\"{a}nder, Astrid and Sax, Matthias J. and Schelter, Sebastian and H\"{o}ger, Mareike and Tzoumas, Kostas and Warneke, Daniel},
  title = {The Stratosphere Platform for Big Data Analytics},
  journal = {The VLDB Journal},
  issue_date = {December  2014},
  volume = {23},
  number = {6},
  month = dec,
  year = {2014},
  issn = {1066-8888},
  pages = {939--964},
  numpages = {26},
  url = {http://dx.doi.org/10.1007/s00778-014-0357-y},
  doi = {10.1007/s00778-014-0357-y},
  acmid = {2691544},
  publisher = {Springer-Verlag New York, Inc.},
  address = {Secaucus, NJ, USA},
  keywords = {Big data, Data cleansing, Distributed systems, Graph processing, Parallel databases, Query Optimization, Query processing, Text mining},
}

@misc{Ferguson:2012:ABDFA,
  author = {M. Ferguson},
  title = {Architecting a big data platform for analytics},
  journal = {A Whitepaper Prepared for IBM},
  year = {2012},
  keywords = {Big data, Analytics, Advanced Analytics, Platform, Report},
}

@inproceedings{Herodotou11starfish:a,
  author = {Herodotos Herodotou and Harold Lim and Gang Luo and Nedyalko Borisov and Liang Dong and Fatma Bilgen Cetin and Shivnath Babu},
  title = {Starfish: A Self-tuning System for Big Data Analytics},
  booktitle = {In CIDR},
  year = {2011},
  pages = {261--272}
})

@inproceedings{Noorshams:2013:PPM:2479871.2479910,
  author = {Noorshams, Qais and Bruhn, Dominik and Kounev, Samuel and Reussner, Ralf},
  title = {Predictive Performance Modeling of Virtualized Storage Systems Using Optimized Statistical Regression Techniques},
  booktitle = {Proceedings of the 4th ACM/SPEC International Conference on Performance Engineering},
  series = {ICPE '13},
  year = {2013},
  isbn = {978-1-4503-1636-1},
  location = {Prague, Czech Republic},
  pages = {283--294},
  numpages = {12},
  url = {http://doi.acm.org/10.1145/2479871.2479910},
  doi = {10.1145/2479871.2479910},
  acmid = {2479910},
  publisher = {ACM},
  address = {New York, NY, USA},
  keywords = {i/o, performance, prediction, storage, virtualization},
}

@inproceedings{Pavlo:2009:CAL:1559845.1559865,
  author = {Pavlo, Andrew and Paulson, Erik and Rasin, Alexander and Abadi, Daniel J. and DeWitt, David J. and Madden, Samuel and Stonebraker, Michael},
  title = {A Comparison of Approaches to Large-scale Data Analysis},
  booktitle = {Proceedings of the 2009 ACM SIGMOD International Conference on Management of Data},
  series = {SIGMOD '09},
  year = {2009},
  isbn = {978-1-60558-551-2},
  location = {Providence, Rhode Island, USA},
  pages = {165--178},
  numpages = {14},
  url = {http://doi.acm.org/10.1145/1559845.1559865},
  doi = {10.1145/1559845.1559865},
  acmid = {1559865},
  publisher = {ACM},
  address = {New York, NY, USA},
  keywords = {benchmarks, mapreduce, parallel database},
}

@inproceedings{Bennett:2010:MTB:1835804.1835826,
  author = {Bennett, Collin and Grossman, Robert L. and Locke, David and Seidman, Jonathan and Vejcik, Steve},
  title = {Malstone: Towards a Benchmark for Analytics on Large Data Clouds},
  booktitle = {Proceedings of the 16th ACM SIGKDD International Conference on Knowledge Discovery and Data Mining},
  series = {KDD '10},
  year = {2010},
  isbn = {978-1-4503-0055-1},
  location = {Washington, DC, USA},
  pages = {145--152},
  numpages = {8},
  url = {http://doi.acm.org/10.1145/1835804.1835826},
  doi = {10.1145/1835804.1835826},
  acmid = {1835826},
  publisher = {ACM},
  address = {New York, NY, USA},
  keywords = {benchmarks, cloud computing benchmarks, data mining benchmarks},
}

@article{Kumar:2014:SWORD,
  year={2014},
  issn={1066-8888},
  journal={The VLDB Journal},
  volume={23},
  number={6},
  doi={10.1007/s00778-014-0362-1},
  title={SWORD: workload-aware data placement and replica selection for cloud data management systems},
  url={http://dx.doi.org/10.1007/s00778-014-0362-1},
  publisher={Springer Berlin Heidelberg},
  keywords={Cloud data management; Hypergraph partitioning; Data placement; Replication; Resource minimization; Scalability},
  author={Kumar, K.Ashwin and Quamar, Abdul and Deshpande, Amol and Khuller, Samir},
  pages={845-870},
  language={English}
}

@inproceedings{Battre:2010:NPM:1807128.1807148,
  author = {Battr{\'e}, Dominic and Ewen, Stephan and Hueske, Fabian and Kao, Odej and Markl, Volker and Warneke, Daniel},
  title = {Nephele/PACTs: A Programming Model and Execution Framework for Web-scale Analytical Processing},
  booktitle = {Proceedings of the 1st ACM Symposium on Cloud Computing},
  series = {SoCC '10},
  year = {2010},
  isbn = {978-1-4503-0036-0},
  location = {Indianapolis, Indiana, USA},
  pages = {119--130},
  numpages = {12},
  url = {http://doi.acm.org/10.1145/1807128.1807148},
  doi = {10.1145/1807128.1807148},
  acmid = {1807148},
  publisher = {ACM},
  address = {New York, NY, USA},
  keywords = {cloud computing, map reduce, web-scale data},
}

@inproceedings{Malewicz:2010:PSL:1807167.1807184,
  author = {Malewicz, Grzegorz and Austern, Matthew H. and Bik, Aart J.C and Dehnert, James C. and Horn, Ilan and Leiser, Naty and Czajkowski, Grzegorz},
  title = {Pregel: A System for Large-scale Graph Processing},
  booktitle = {Proceedings of the 2010 ACM SIGMOD International Conference on Management of Data},
  series = {SIGMOD '10},
  year = {2010},
  isbn = {978-1-4503-0032-2},
  location = {Indianapolis, Indiana, USA},
  pages = {135--146},
  numpages = {12},
  url = {http://doi.acm.org/10.1145/1807167.1807184},
  doi = {10.1145/1807167.1807184},
  acmid = {1807184},
  publisher = {ACM},
  address = {New York, NY, USA},
  keywords = {distributed computing, graph algorigthms},
}

@inproceedings{pacts,
  author = {Battr{\'e}, Dominic and Ewen, Stephan and Hueske, Fabian
  and Kao, Odej and Markl, Volker and Warneke, Daniel},
  title = {Nephele/PACTs: a programming model and execution framework
  for web-scale analytical processing},
  booktitle = {Proceedings of the 1st ACM symposium on Cloud
  computing},
  series = {SoCC '10},
  year = {2010},
  isbn = {978-1-4503-0036-0},
  location = {Indianapolis, Indiana, USA},
  pages = {119--130},
  numpages = {12},
  url = {http://doi.acm.org/10.1145/1807128.1807148},
  doi = {10.1145/1807128.1807148},
  acmid = {1807148},
  publisher = {ACM},
  address = {New York, NY, USA},
  keywords = {cloud computing, map reduce, web-scale data},
} 
@misc{openshift,
  howpublished = {\url{https://openshift.redhat.com/app/}},
  title={Openshift},
  publisher = {Redhat Inc.},
  key={Openshift},
}
@techreport{netezza,
  title={Data-centric computing with the netezza architecture},
  author={Helmreich, Stephen C and Cowie, Jim R},
  year={2006},
  institution={Sandia National Laboratories},
  number    = {SAND2006-1853},
}
@inproceedings{nephele,
  author = {Warneke, Daniel and Kao, Odej},
  title = {Nephele: efficient parallel data processing in the cloud},
  booktitle = {Proceedings of the 2nd Workshop on Many-Task Computing
  on Grids and Supercomputers},
  series = {MTAGS '09},
  year = {2009},
  isbn = {978-1-60558-714-1},
  location = {Portland, Oregon},
  pages = {8:1--8:10},
  articleno = {8},
  numpages = {10},
  url = {http://doi.acm.org/10.1145/1646468.1646476},
  doi = {10.1145/1646468.1646476},
  acmid = {1646476},
  publisher = {ACM},
  address = {New York, NY, USA},
  keywords = {cloud computing, high-throughput computing, loosely
  coupled applications, many-task computing},
} 

@article{hadoopplus,
  author = {Dittrich, Jens and Quian{\'e}-Ruiz, Jorge-Arnulfo and Jindal, Alekh and Kargin, Yagiz and Setty, Vinay and Schad, J\"{o}rg},
  title = {Hadoop++: Making a Yellow Elephant Run Like a Cheetah (Without It Even Noticing)},
  journal = {Proc. VLDB Endow.},
  issue_date = {September 2010},
  volume = {3},
  number = {1-2},
  month = sep,
  year = {2010},
  issn = {2150-8097},
  pages = {515--529},
  numpages = {15},
  acmid = {1920908},
  publisher = {VLDB Endowment},
} 


@inproceedings{nephelepacts,
  author = {Battr{\'e}, Dominic and Ewen, Stephan and Hueske, Fabian and Kao, Odej and Markl, Volker and Warneke, Daniel},
  title = {Nephele/PACTs: A Programming Model and Execution Framework for Web-scale Analytical Processing},
  booktitle = {Proceedings of the 1st ACM Symposium on Cloud Computing},
  series = {SoCC '10},
  year = {2010},
  isbn = {978-1-4503-0036-0},
  location = {Indianapolis, Indiana, USA},
  pages = {119--130},
  numpages = {12},
  acmid = {1807148},
  publisher = {ACM},
  address = {New York, NY, USA},
  keywords = {cloud computing, map reduce, web-scale data},
} 

@article{BPSmodel,
  author = {Valiant, Leslie G.},
  title = {A Bridging Model for Parallel Computation},
  journal = {Commun. ACM},
  issue_date = {Aug. 1990},
  volume = {33},
  number = {8},
  month = aug,
  year = {1990},
  issn = {0001-0782},
  pages = {103--111},
  numpages = {9},
  url = {http://doi.acm.org/10.1145/79173.79181},
  doi = {10.1145/79173.79181},
  acmid = {79181},
  publisher = {ACM},
  address = {New York, NY, USA},
} 

@InProceedings{artemis,
  author   = {R. Tuchinda, S. Thakkar, Y. Gil and E. Deelman},
  title    = {Artemis: Integrating scientific data on the grid},
  booktitle= {Conference on Innovative Applications of Artificial Intelligence (IAAA)},
  pages = {25--29},
  year     = {2004}
}

@article{scientificworkflows,
  author = {Yolanda Gil and Ewa Deelman and Mark Ellisman and Thomas Fahringer and Geoffrey Fox and Dennis Gannon and Carole Goble and Miron Livny and Luc Moreau and Jim Myers},
  title = {Examining the Challenges of Scientific Workflows},
  journal = {IEEE COMPUTER VOL},
  year = {2007},
  volume = {40},
  number = {12},
  pages = {24--32}
}

@article{d5.1,
  author = {V.~Kantere, M.~Filatov},
  Month = {February},
  title = {WP 5 - Adaptive Data Analytics},
  volume = {D5.1 Workflow Management Model},
  institution={UNIGE},
  type = {Report},
  year = {2015}}

@article{d5.2,
  author = {V.~Kantere, M.~Filatov},
  Month = {August},
  title = {WP 5 - Adaptive Data Analytics},
  volume = {D5.2 Workflow management tool},
  institution={UNIGE},
  type = {Report},
  year = {2015}}

@article{d3.2,
  author = {K.~Doka, N.~Papailiou, D.~Tsoumakos and others},
  Month = {August},
  title = {WP 3 - Intelligent, Multi-engine Resource Scheduling Platform},
  volume = {D3.2 IReS Platform v.1},
  institution={ICCS},
  type = {Report},
  year = {2015}}

@article{d9.2,
  author = {R.~Bertoldi},
  Month = {February},
  title = {WP 9 - Applications: Telecommunication Data Analytics},
  volume = {D9.2 Use Case Requirements},
  institution={WIND},
  type = {Report},
  year = {2015}}

@article{Yang:2005:FAC:1710865.1711092,
  author = {Yang, I-Hsuan and Huang, Chien-Pin and Chao, Kun-Mao},
  title = {A Fast Algorithm for Computing a Longest Common Increasing Subsequence},
  journal = {Inf. Process. Lett.},
  issue_date = {March, 2005},
  volume = {93},
  number = {5},
  month = mar,
  year = {2005},
  issn = {0020-0190},
  pages = {249--253},
  numpages = {5},
  url = {http://dx.doi.org/10.1016/j.ipl.2004.10.014},
  doi = {10.1016/j.ipl.2004.10.014},
  acmid = {1711092},
  publisher = {Elsevier North-Holland, Inc.},
  address = {Amsterdam, The Netherlands, The Netherlands},
  keywords = {Algorithms, Computational biology, Longest common subsequence, Longest increasing subsequence},
} 

@inproceedings{Jacobson:1992:HIS:647812.738135,
  author = {Jacobson, Guy and Vo, Kiem-Phong},
  title = {Heaviest Increasing/Common Subsequence Problems},
  booktitle = {Proceedings of the Third Annual Symposium on Combinatorial Pattern Matching},
  series = {CPM '92},
  year = {1992},
  isbn = {3-540-56024-6},
  pages = {52--66},
  numpages = {15},
  url = {http://dl.acm.org/citation.cfm?id=647812.738135},
  acmid = {738135},
  publisher = {Springer-Verlag},
  address = {London, UK, UK},
} 

@inproceedings{VanDerAalst:2003:BPM:1761141.1761143,
  author = {Van Der Aalst, Wil M. P. and Hofstede, Arthur H. M. Ter and Weske, Mathias},
  title = {Business Process Management: A Survey},
  booktitle = {Proceedings of the 2003 International Conference on Business Process Management},
  series = {BPM'03},
  year = {2003},
  isbn = {3-540-40318-3},
  location = {Eindhoven, The Netherlands},
  pages = {1--12},
  numpages = {12},
  url = {http://dl.acm.org/citation.cfm?id=1761141.1761143},
  acmid = {1761143},
  publisher = {Springer-Verlag},
  address = {Berlin, Heidelberg},
  keywords = {business process management, formal methods, workflow management},
} 

@article{vanderAalst:2005:YYW:1187495.1187496,
  author = {van der Aalst, W. M. P. and ter Hofstede, A. H. M.},
  title = {YAWL: Yet Another Workflow Language},
  journal = {Inf. Syst.},
  issue_date = {June 2005},
  volume = {30},
  number = {4},
  month = jun,
  year = {2005},
  issn = {0306-4379},
  pages = {245--275},
  numpages = {31},
  url = {http://dx.doi.org/10.1016/j.is.2004.02.002},
  doi = {10.1016/j.is.2004.02.002},
  acmid = {1187496},
  publisher = {Elsevier Science Ltd.},
  address = {Oxford, UK, UK},
  keywords = {YAWL, petri nets, workflow languages, workflow management, workflow patterns},
} 

@inproceedings{DBLP:conf/bigdata/KantereF15,
  author    = {Verena Kantere and
               Maxim Filatov},
  title     = {A Workflow Model for Adaptive Analytics on Big Data},
  booktitle = {2015 {IEEE} International Congress on Big Data, New York City, NY,
               USA, June 27 - July 2, 2015},
  pages     = {673--676},
  year      = {2015},
  url       = {http://dx.doi.org/10.1109/BigDataCongress.2015.106},
  doi       = {10.1109/BigDataCongress.2015.106},
  timestamp = {Thu, 27 Aug 2015 17:06:39 +0200},
  biburl    = {http://dblp.uni-trier.de/rec/bib/conf/bigdata/KantereF15},
  bibsource = {dblp computer science bibliography, http://dblp.org}
}

@inproceedings{DBLP:conf/c3s2e/KantereF15,
  author    = {Verena Kantere and
               Maxim Filatov},
  title     = {A Framework for Big Data Analytics},
  booktitle = {Proceedings of the Eighth International C* Conference on Computer
               Science {\&} Software Engineering, Yokohama, Japan, July 13-15,
               2015},
  pages     = {125--132},
  year      = {2015},
  url       = {http://doi.acm.org/10.1145/2790798.2790812},
  doi       = {10.1145/2790798.2790812},
  timestamp = {Mon, 07 Sep 2015 13:58:03 +0200},
  biburl    = {http://dblp.uni-trier.de/rec/bib/conf/c3s2e/KantereF15},
  bibsource = {dblp computer science bibliography, http://dblp.org}
}

@inproceedings{DBLP:conf/tpctc/SimitsisVDKT09,
  author    = {Alkis Simitsis and
               Panos Vassiliadis and
               Umeshwar Dayal and
               Anastasios Karagiannis and
               Vasiliki Tziovara},
  title     = {Benchmarking {ETL} Workflows},
  booktitle = {Performance Evaluation and Benchmarking, First {TPC} Technology Conference,
               {TPCTC} 2009, Lyon, France, August 24-28, 2009, Revised Selected Papers},
  pages     = {199--220},
  year      = {2009},
  url       = {http://dx.doi.org/10.1007/978-3-642-10424-4_15},
  doi       = {10.1007/978-3-642-10424-4_15},
  timestamp = {Wed, 28 Oct 2009 11:03:04 +0100},
  biburl    = {http://dblp.uni-trier.de/rec/bib/conf/tpctc/SimitsisVDKT09},
  bibsource = {dblp computer science bibliography, http://dblp.org}
}